@article{Bayes,
    title   = {A Bayesian Approach to Filtering Junk E-Mail},
    journal = {AAAI'98 Workshop on Learning for Text Categorization},
    author  = {M. Sahami, S. Dumais, D. Heckerman, E. Horvitz},
    year    = {1998}
}

@article{BioInspiredTaxonomy,
    title   = {A comprehensive study of spam detection in e-mails using bio-inspired optimization techniques},
    journal = {International Journal of Information Management Data Insights},
    author  = {J. Batra, R. Jain, et al.},
    year    = {2021}
}

@article{filters,
    title  = {E-mail Spam Filtering: Review,Techniques and Trends},
    author = {A. Bhowmick, S. Hazarika},
    year   = {2016}
}

@article{IEEE,
    title   = {Detecting spam email with machine learning optimized with bio-inspired metaheuristic algorithms},
    journal = {IEEE Access},
    author  = {S. Gibson, B. Issac, Biju, L. Zhang, et al.},
    year    = {2020}
}

@misc{scikit,
    title = {https://scikit-learn.org/}
}

@misc{stat,
    title = {https://securelist.ru/spam-and-phishing-in-2020/100408/},
    year  = {2020}
}

@article{SVM,
    title  = {Лекции По Методу Опорных Векторов},
    author = {К. Воронцов},
    year   = {2007}
}
