@article{AO,
    doi       = {10.1016/j.cie.2021.107250},
    year      = {2021},
    month     = jul,
    publisher = {Elsevier {BV}},
    volume    = {157},
    pages     = {107250},
    author    = {Laith Abualigah and Dalia Yousri and Mohamed Abd Elaziz and Ahmed A. Ewees and Mohammed A.A. Al-qaness and Amir H. Gandomi},
    title     = {Aquila Optimizer: A novel meta-heuristic optimization algorithm},
    journal   = {Computers {\&} Industrial Engineering}
}

@inproceedings{Bayes,
    author    = {Heckerman, David and Horvitz, Eric and Sahami, Mehran and Dumais, Susan},
    title     = {A Bayesian Approach to Filtering Junk E-Mail},
    booktitle = {AAAI Workshop on Learning for Text Categorization},
    year      = {1998},
    month     = {July},
    abstract  = {In addressing the growing problem of junk E-mail on the Internet, we examine methods for the automated construction of filters to eliminate such unwanted messages from a user's mail stream. By casting this problem in a decision theoretic framework, we are able to make use of probabilistic learning methods in conjunction with a notion of differential misclassification cost to produce filters which are especially appropriate for the nuances of this task. While this may appear, at first, to be a straight-forward text classification problem, we can produce much more accurate filters. Finally, we show the efficacy of such filters in a real world usage scenario, arguing that this technology is mature enough for deployment.},
    edition   = {AAAI Workshop on Learning for Text Categorization}
}

@article{BioInspiredTaxonomy,
    year      = {2021},
    month     = apr,
    publisher = {Elsevier {BV}},
    pages     = {100006},
    author    = {Jai Batra and Rupali Jain and Vinay A. Tikkiwal and Amrita Chakraborty},
    title     = {A comprehensive study of spam detection in e-mails using bio-inspired optimization techniques},
    journal   = {International Journal of Information Management Data Insights}
}

@book{Boyd2004,
    year      = {2004},
    month     = mar,
    publisher = {Cambridge University Press},
    author    = {Stephen Boyd and Lieven Vandenberghe},
    title     = {Convex Optimization}
}

@electronic{Enron,
    title        = {The Enron-Spam datasets [Электронный ресурс]},
    howpublished = {Nlp.cs.aueb.gr: The Enron-Spam datasets. URL:~\url{http://nlp.cs.aueb.gr/software_and_datasets/Enron-Spam/index.html} (дата обращения 07.12.2021)}
}

@incollection{filters,
    year      = {2017},
    publisher = {Springer Singapore},
    pages     = {583--590},
    author    = {Alexy Bhowmick and Shyamanta M. Hazarika},
    title     = {E-Mail Spam Filtering: A Review of Techniques and Trends},
    booktitle = {Lecture Notes in Electrical Engineering}
}

@article{HGS,
    doi       = {10.1016/j.eswa.2021.114864},
    year      = {2021},
    month     = sep,
    publisher = {Elsevier {BV}},
    volume    = {177},
    pages     = {114864},
    author    = {Yutao Yang and Huiling Chen and Ali Asghar Heidari and Amir H Gandomi},
    title     = {Hunger games search: Visions,  conception,  implementation,  deep analysis,  perspectives,  and towards performance shifts},
    journal   = {Expert Systems with Applications}
}

@article{IEEE,
    year      = {2020},
    publisher = {Institute of Electrical and Electronics Engineers ({IEEE})},
    volume    = {8},
    pages     = {187914--187932},
    author    = {Simran Gibson and Biju Issac and Li Zhang and Seibu Mary Jacob},
    title     = {Detecting Spam Email With Machine Learning Optimized With Bio-Inspired Metaheuristic Algorithms},
    journal   = {{IEEE} Access}
}

@incollection{IFIP,
    year      = {2004},
    publisher = {Springer {US}},
    pages     = {395--410},
    author    = {Flavio D. Garcia and Jaap-Henk Hoepman and Jeroen Nieuwenhuizen},
    title     = {Spam Filter Analysis},
    booktitle = {Security and Protection in Information Processing Systems}
}

@electronic{LingSpam,
    title        = {Spam filtering datasets [Электронный ресурс]},
    howpublished = {Aclweb.org: Spam: filtering datasets - ACL Wiki. URL:~\url{https://aclweb.org/aclwiki/Spam_filtering_datasets} (дата обращения 07.12.2021)}
}

@incollection{Manning,
    doi       = {10.1017/cbo9780511809071.007},
    publisher = {Cambridge University Press},
    pages     = {100--123},
    author    = {Christopher D. Manning and Prabhakar Raghavan and Hinrich Schutze},
    title     = {Scoring,  term weighting,  and the vector space model},
    booktitle = {Introduction to Information Retrieval}
}

@article{MRFO,
    doi       = {10.1016/j.engappai.2019.103300},
    year      = {2020},
    month     = jan,
    publisher = {Elsevier {BV}},
    volume    = {87},
    pages     = {103300},
    author    = {Weiguo Zhao and Zhenxing Zhang and Liying Wang},
    title     = {Manta ray foraging optimization: An effective bio-inspired optimizer for engineering applications},
    journal   = {Engineering Applications of Artificial Intelligence}
}

@book{scikitBook,
    year      = {2018},
    publisher = {Вильямс},
    volume    = {688},
    author    = {Перевод: Géron, Aurélien},
    title     = {Прикладное машинное обучение с помощью Scikit-Learn и TensorFlow. Концепции, инструменты и техники для создания интеллектуальных систем.}
}

@electronic{scikitKFold,
    title        = {Cross Validation [Электронный ресурс]},
    howpublished = {Scikit-learn.org: machine learning in Python — scikit-learn 1.0.1 documentation. URL:~\url{https://scikit-learn.org/stable/modules/cross_validation.html} (дата обращения 02.04.2022)}
}

@electronic{scikitMetrics,
    title        = {Metrics and scoring: quantifying the quality of predictions [Электронный ресурс]},
    howpublished = {Scikit-learn.org: machine learning in Python — scikit-learn 1.0.1 documentation. URL:~\url{https://scikit-learn.org/stable/modules/model_evaluation.html} (дата обращения 21.05.2021)}
}

@electronic{scikitMNB,
    title        = {Multinomial Naive Bayes [Электронный ресурс]},
    howpublished = {Scikit-learn.org: machine learning in Python — scikit-learn 1.0.1 documentation. URL:~\url{https://scikit-learn.org/stable/modules/naive_bayes.html?highlight=mnb} (дата обращения 15.05.2021)}
}

@electronic{scikitSGD,
    title        = {Sklearn.linear\_model.SGDClassifier [Электронный ресурс]},
    howpublished = {Scikit-learn.org: machine learning in Python — scikit-learn 1.0.1 documentation. URL:~\url{https://scikit-learn.org/stable/modules/generated/sklearn.linear_model.SGDClassifier.html} (дата обращения 15.05.2021)}
}

@electronic{scikitTfIdf,
    title        = {Sklearn.svm.SVC [Электронный ресурс]},
    howpublished = {Scikit-learn.org: machine learning in Python — scikit-learn 1.0.1 documentation. URL:~\url{https://scikit-learn.org/stable/modules/generated/sklearn.feature_extraction.text.TfidfVectorizer.html} (дата обращения 07.12.2021)}
}

@electronic{scikitTuning,
    title        = {Tuning the hyper-parameters of an estimator [Электронный ресурс]},
    howpublished = {Scikit-learn.org: machine learning in Python — scikit-learn 1.0.1 documentation. URL:~\url{https://scikit-learn.org/stable/modules/grid_search.html} (дата обращения 21.05.2021)}
}

@electronic{SpamAssasin,
    title        = {Index of /old/publiccorpus [Электронный ресурс]},
    howpublished = {Spamassassin.apache.org: Index of /old/publiccorpus. URL:~\url{https://spamassassin.apache.org/old/publiccorpus} (дата обращения 07.12.2021)}
}

@article{SSA,
    doi       = {10.1080/21642583.2019.1708830},
    year      = {2020},
    month     = jan,
    publisher = {Informa {UK} Limited},
    volume    = {8},
    number    = {1},
    pages     = {22--34},
    author    = {Jiankai Xue and Bo Shen},
    title     = {A novel swarm intelligence optimization approach: sparrow search algorithm},
    journal   = {Systems Science {\&} Control Engineering}
}

@electronic{stat,
    title        = {Спам и фишинг в 2021 году [Электронный ресурс]},
    howpublished = {Securelist.ru: Спам и фишинг в 2021 году | Securelist. URL:~\url{https://securelist.ru/spam-and-phishing-in-2021/104407/} (дата обращения 17.04.2022)}
}

@electronic{stratifiedKFold,
    title        = {Stratified KFold Validation [Электронный ресурс]},
    howpublished = {Scikit-learn.org: machine learning in Python — scikit-learn 1.0.1 documentation. URL:~\url{https://scikit-learn.org/stable/modules/generated/sklearn.model_selection.StratifiedKFold.html} (дата обращения 02.04.2022)}
}

@electronic{SVC,
    title        = {Sklearn.svm.SVC [Электронный ресурс]},
    howpublished = {Scikit-learn.org: machine learning in Python — scikit-learn 1.0.1 documentation. URL:~\url{https://scikit-learn.org/stable/modules/generated/sklearn.svm.SVC.html} (дата обращения 21.05.2021)}
}

@article{SVM,
    title  = {Лекции По Методу Опорных Векторов},
    author = {К. Воронцов},
    year   = {2007}
}

@software{thieu_nguyen_2020_3711949,
    author    = {Nguyen Van Thieu},
    title     = {A collection of the state-of-the-art MEta-heuristics ALgorithms in PYthon: Mealpy},
    month     = march,
    year      = 2020,
    publisher = {Zenodo},
    doi       = {10.5281/zenodo.3711948},
    url       = {https://doi.org/10.5281/zenodo.3711948}
}

@incollection{Yang2009,
    year      = {2009},
    publisher = {Springer Berlin Heidelberg},
    pages     = {169--178},
    author    = {Xin-She Yang},
    title     = {Firefly Algorithms for Multimodal Optimization},
    booktitle = {Stochastic Algorithms: Foundations and Applications}
}
